
@Misc{cite1,
  key    = "web:cite1",
  author = "{M. Sonka, V. Hlavac, R. Boyle}",
  title =  "{Image Processing, Analysis, and Machine Vision, ch. 6.2.5}",
}

@Misc{cite2,
  key    = "web:cite2",
  author = "{Sheila Timp, Nico Karssemeijer, Department of Radiology, University Medical Center Nijmegen}",
  title =  "{A new 2D segmentation method based on dynamic programming applied
to computer aided detectection in mammography}",
  note   = "\\ \url{http://stimp.home.xs4all.nl/sheila/Timp04_segmentatie.pdf}",
}

@Misc{cite3,
  key    = "web:cite3",
  author = "{Dana H. Ballard, Christopher M. Brown}",
  title =  "{Computer Vision, ch. 4.5, 4.6}",
  note   = "\\ \url{http://homepages.inf.ed.ac.uk/rbf/BOOKS/BANDB/LIB/}",
}

@Misc{cite4,
  key    = "web:cite4",
  author = "{Ghassan Hamarneh Rafeef Abu-Gharbieh, Chalmers University of Technology}",
  title =  "{Implementation and Comparison of Four Different Boundary Detection Algorithms for Quantitative Ultrasonic Measurements of the Human Carotid Artery}",
  note   = "\\ \url{http://www.cs.sfu.ca/~hamarneh/ecopy/msee1996.pdf}",
}

@Misc{cite5,
  key    = "web:cite5",
  author = "{Vincent Tan}",
  title =  "{Converting between raster, Cartesian and polar coordinates}",
  note   = "\\ \url{http://polymathprogrammer.com/2008/10/02/converting-between-raster-cartesian-and-polar-coordinates/}",
}

